<?xml version="1.0" encoding="UTF-8"?><collection xmlns="http://www.loc.gov/MARC21/slim"><record><leader>00350nam--2200133-i-4500</leader><controlfield tag="001">000033782</controlfield><controlfield tag="002">20161230</controlfield><controlfield tag="005">20161230201039</controlfield><controlfield tag="008">060222s1000------------r-----000-0-eng-d</controlfield><datafield ind1=" " ind2=" " tag="080"><subfield code="a">574:61</subfield></datafield><datafield ind1=" " ind2=" " tag="100"><subfield code="a">Nelson, Gideon E</subfield></datafield><datafield ind1=" " ind2=" " tag="245"><subfield code="a">Biological principles with human perspectives</subfield></datafield><datafield ind1=" " ind2=" " tag="260"><subfield code="a">New York, John Wiley And Sons, 1984. Xi+426p</subfield></datafield><datafield ind1=" " ind2=" " tag="852"><subfield code="a">73896</subfield></datafield></record></collection>